@article{DBLP:journals/informaticaSI/PatvardhanPS15,
  author    = {C. Patvardhan and
               V. Prem Prakash and
               Anand Srivastav},
  title     = {Fast Heuristics for Large Instances of the Euclidean Bounded Diameter
               Minimum Spanning Tree Problem},
  journal   = {Informatica (Slovenia)},
  volume    = {39},
  number    = {3},
  year      = {2015},
  url       = {http://www.informatica.si/index.php/informatica/article/view/984},
  timestamp = {Fri, 24 Mar 2017 12:44:52 +0100},
  biburl    = {https://dblp.org/rec/journals/informaticaSI/PatvardhanPS15.bib},
  bibsource = {dblp computer science bibliography, https://dblp.org}
}

@article{DBLP:journals/soco/SinghG07,
  author    = {Alok Singh and
               Ashok Kumar Gupta},
  title     = {Improved heuristics for the bounded-diameter minimum spanning tree
               problem},
  journal   = {Soft Comput.},
  volume    = {11},
  number    = {10},
  pages     = {911--921},
  year      = {2007},
  url       = {https://doi.org/10.1007/s00500-006-0142-y},
  doi       = {10.1007/s00500-006-0142-y},
  timestamp = {Sat, 20 May 2017 00:25:42 +0200},
  biburl    = {https://dblp.org/rec/journals/soco/SinghG07.bib},
  bibsource = {dblp computer science bibliography, https://dblp.org}
}
